% === MY STUFF ===

@MastersThesis{dg,
    AUTHOR = "CHALUPA, Marek",
    TITLE = "Slicing of LLVM Bitcode [online]",
    YEAR = "2016 [cit. 2018-11-25]",
    TYPE = "Master's thesis",
    SCHOOL = "Masaryk University, Faculty of Informatics, Brno",
    SUPERVISOR = "Jan Strejček",
    URL = "Available from WWW <https://is.muni.cz/th/vik1f/>",
}

@book{clrs,
 author = {{C}ormen, Thomas H. and {L}eiserson, Charles E. and {R}ivest, Ronald L. and {S}tein, Clifford},
 title = {Introduction to Algorithms, Third Edition},
 year = {2009},
 isbn = {0262033844, 9780262033848},
 edition = {3rd},
 publisher = {The MIT Press},
}

@book{data_flow,
  title={Data flow analysis: theory and practice},
  author={Sanyal, Amitabha and Sathe, Bageshri and Khedker, Uday},
  year={2009},
  publisher={CRC Press}
}

@book{graph_theory,
 author = {Bondy, J.A. and Murty, U.S.R},
 title = {Graph Theory},
 year = {2008},
 isbn = {1846289696},
 edition = {1st},
 publisher = {Springer Publishing Company, Incorporated},
}

@online{llvm,
    author={LLVM},
    title="{The LLVM Compiler Infrastructure}",
    year={2018},
    url={https://llvm.org/},
    urldate={2018-11-03},
}

@online{llvm-passes,
    author={LLVM},
    title="{LLVM’s Analysis and Transform Passes}",
    year={2018},
    url={https://llvm.org/docs/Passes.html},
    urldate={2018-11-09},
}

@online{llvm-module-pass,
    author={LLVM},
    title="{LLVM’s Analysis and Transform Passes}",
    year={2018},
    url={https://llvm.org/docs/WritingAnLLVMPass.html#the-modulepass-class},
    urldate={2018-11-09},
}

@online{llvm-opt,
    author={LLVM},
    title="{opt - LLVM optimizer}",
    year={2018},
    url={https://llvm.org/docs/CommandGuide/opt.html},
    urldate={2018-11-07},
}

@online{llvm-dbg,
    author={LLVM},
    title="{Source Level Debugging with LLVM}",
    year={2018},
    url={https://llvm.org/docs/SourceLevelDebugging.html#c-c-source-file-information},
    urldate={2018-12-03},
}

@online{llvm-ir,
    author={LLVM},
    title="{LLVM Language Reference Manual}",
    year={2018},
    url={https://llvm.org/docs/LangRef.html},
    urldate={2018-12-03},
}

@online{llvm-bb,
    author={LLVM},
    title="{llvm::BasicBlock Class Reference}",
    year={2018},
    url={https://llvm.org/doxygen/classllvm_1_1BasicBlock.html},
    urldate={2018-12-03},
}


@online{dg-github,
    author={CHALUPA, Marek},
    title="{Dependence graph for programs. Generic implementation of dependence
    graphs with instantiation for LLVM that contains a static slicer for LLVM
    bitcode}",
    year={2018},
    url={https://github.com/mchalupa/dg},
    urldate={2018-12-03},
}

@online{asoa,
    author={Chris Lattner},
    title="{LLVM - The Architecture of Open Source Applications}",
    year={2018},
    url={http://aosabook.org/en/llvm.html},
    urldate={2018-11-03},
}

@online{clang,
    author={LLVM},
    title="{Clang: a C language family frontend for LLVM}",
    year={2018},
    url={https://clang.llvm.org/},
    urldate={2018-12-03},
}

@online{clang-ast,
    author={LLVM},
    title="{Introduction to the Clang AST}",
    year={2018},
    url={https://clang.llvm.org/docs/IntroductionToTheClangAST.html},
    urldate={2018-12-03},
}

@Book{ssa,
 author = {Rastello, Fabrice},
 title = {SSA-based compiler design},
 publisher = {Springer},
 year = {2010},
 address = {New York London},
 isbn = {978-1-4419-6201-0}
 }



